<?xml version="1.0" encoding="UTF-8" ?>
<collection xmlns:xsi="http://www.w3.org/2001/XMLSchema-instance"
    xsi:schemaLocation="http://www.loc.gov/MARC21/slim
        http://www.loc.gov/standards/marcxml/schema/MARC21slim.xsd"
    xmlns="http://www.loc.gov/MARC21/slim">
<record>
  <leader>00217cam a2200397 i 4500</leader>
  <controlfield tag="001">b12375482</controlfield>
  <controlfield tag="003">LeBAU</controlfield>
  <controlfield tag="005">20180228</controlfield>
  <controlfield tag="008">970303s1925    ua            ||0 0 ara d</controlfield>
  <datafield tag="035" ind1=" " ind2=" ">
    <subfield code="a">ocn784289051</subfield>
  </datafield>
  <datafield tag="040" ind1=" " ind2=" ">
    <subfield code="a">LEAUB</subfield>
    <subfield code="b">ara</subfield>
    <subfield code="e">rda</subfield>
    <subfield code="c">LEAUB</subfield>
    <subfield code="d">LEAUB</subfield>
  </datafield>
  <datafield tag="041" ind1="1" ind2=" ">
    <subfield code="a">ara</subfield>
    <subfield code="a">per</subfield>
    <subfield code="h">per</subfield>
  </datafield>
  <datafield tag="082" ind1="0" ind2="4">
    <subfield code="a">297.89</subfield>
    <subfield code="2">20</subfield>
  </datafield>
  <datafield tag="100" ind1="0" ind2=" ">
    <subfield code="6">880-01</subfield>
    <subfield code="a">Baháʼuʼlláh,</subfield>
    <subfield code="d">1817-1892,</subfield>
    <subfield code="e">author.</subfield>
  </datafield>
  <datafield tag="245" ind1="1" ind2="0">
    <subfield code="6">880-02</subfield>
    <subfield code="a">Nubdhah min taʻālīm Ḥaḍrat Bahāʼ Allāh :</subfield>
    <subfield code="b">wa-talīhā tarjamatuhā al-ʻArabīyah /</subfield>
    <subfield code="c">Faraj Allāh Zakī al-Kurdī.</subfield>
  </datafield>
  <datafield tag="264" ind1=" " ind2="1">
    <subfield code="6">880-03</subfield>
    <subfield code="a">al-Qāhirah :</subfield>
    <subfield code="b">Faraj Allāh al-Kurdī,</subfield>
    <subfield code="c">1343 H. =  1925 M.</subfield>
  </datafield>
  <datafield tag="300" ind1=" " ind2=" ">
    <subfield code="6">880-04</subfield>
    <subfield code="a">160 pages ;</subfield>
    <subfield code="c">23 cm</subfield>
  </datafield>
  <datafield tag="336" ind1=" " ind2=" ">
    <subfield code="a">text</subfield>
    <subfield code="b">txt</subfield>
    <subfield code="2">rdacontent</subfield>
  </datafield>
  <datafield tag="337" ind1=" " ind2=" ">
    <subfield code="a">unmediated</subfield>
    <subfield code="b">n</subfield>
    <subfield code="2">rdamedia</subfield>
  </datafield>
  <datafield tag="338" ind1=" " ind2=" ">
    <subfield code="a">volume</subfield>
    <subfield code="b">nc</subfield>
    <subfield code="2">rdacarrier</subfield>
  </datafield>
  <datafield tag="500" ind1=" " ind2=" ">
    <subfield code="a">"في عام (1338 هـ.) كنت ضمن المتشرفين بزيارة حضرة عبد البهاء بمدينة حيفا فالتمست من حضرته ان يأذن لي بترجمة بعض الألواح المشتملة على نبذ من تعاليم حضرة بهاء الله لتروي منها الأمة العربية غلتها فتفضل بالإذن بترجمة هذه الألواح الأربعة. ثم تفضل بما خلاصته ان الترجمة كالقشر والأصل كاللب لان الأصل في نهاية البلاغة والفصاحة فاين الثرى من الثريا وأين طنين الذباب من صرير العقاب - ولكن المقصد ان يشم الطالب رائحة من رياض تلك المعاني... فشمرت عن ساعد الجد مع حضرة ميرزا أسد الله الملقب بالفاضل المازندراني حسب أمر حضرته، ولما تمت الترجمة بمدينة حيفا عرضتها على حضرته.. فأمر بعرضها ايضا على المحفل الروحاني بالقاهرة فعرضتها عليه فأصلح منها ما كان محتاجا للإصلاح وأمر بطبعها هذا. ولكي يشرف القارى على سمو الأصل ونسبته للترجمة قد طبعنا الأصل اولا ثم عقبناه بالترجمة وحيث ان الأصل يحتوي على جمل عربية فقد ميزناها بقوسين هكذا () ومنها يعلم ان الاصل في غاية الفصاحة ونهاية البلاغة وان ما يرى من ضعف العبارة ما جاء الا من الترجمة."</subfield>
  </datafield>
  <datafield tag="500" ind1=" " ind2=" ">
    <subfield code="a">"مشتملة على ترجمة أربعة ألواح، أولها من صفحة 26 الى صفحة 102 ترجمة الاشراقيات، وثانيها من صفحة 106 الى صفحة 118 ترجمة البشارات، وثالثها من صفحة 121 الى صفحة 142 ترجمة الكلمات الفردوسية، ورابعها من صفحة 148 الى الآخر ترجمة الطرازات"--غلاف.</subfield>
  </datafield>
  <datafield tag="546" ind1=" " ind2=" ">
    <subfield code="a">النص بالعربية والفارسية.</subfield>
  </datafield>
  <datafield tag="650" ind1=" " ind2="4">
    <subfield code="a">البهائية</subfield>
    <subfield code="x">عقائد.</subfield>
  </datafield>
  <datafield tag="650" ind1=" " ind2="0">
    <subfield code="a">Bahai Faith</subfield>
    <subfield code="x">Doctrines.</subfield>
  </datafield>
  <datafield tag="700" ind1="1" ind2=" ">
    <subfield code="6">880-05</subfield>
    <subfield code="a">Kurdī, Faraj Allāh Zakī,</subfield>
    <subfield code="e">translator.</subfield>
  </datafield>
  <datafield tag="852" ind1=" " ind2=" ">
    <subfield code="a">Jafet Library</subfield>
    <subfield code="e">American University of Beirut, Bliss Street , Beirut, Lebanon.</subfield>
  </datafield>
  <datafield tag="880" ind1="0" ind2=" ">
    <subfield code="6">100-01/(3/r</subfield>
    <subfield code="a">بهاء الله،</subfield>
    <subfield code="d">1817-1892،</subfield>
    <subfield code="e">مؤلف. </subfield>
    <subfield code="4">aut.</subfield>
  </datafield>
  <datafield tag="880" ind1="1" ind2="0">
    <subfield code="6">245-02/(3/r</subfield>
    <subfield code="a">نبذة من تعاليم حضرة بهاء الله :</subfield>
    <subfield code="b">وتليها ترجمتها العربية /</subfield>
    <subfield code="c">فرج الله ذكي الكردي.</subfield>
  </datafield>
  <datafield tag="880" ind1=" " ind2="1">
    <subfield code="6">264-03/(3/r</subfield>
    <subfield code="a">القاهرة :</subfield>
    <subfield code="b">فرج الله الكردي،</subfield>
    <subfield code="c">1343 هـ. = 1925 م.</subfield>
  </datafield>
  <datafield tag="880" ind1=" " ind2=" ">
    <subfield code="6">300-04/(3/r</subfield>
    <subfield code="a">160 صفحة ؛</subfield>
    <subfield code="c">23 سم</subfield>
  </datafield>
  <datafield tag="880" ind1="1" ind2=" ">
    <subfield code="6">700-05/(3/r</subfield>
    <subfield code="a">الكردي، فرج الله زكي،</subfield>
    <subfield code="e">مترجم. </subfield>
    <subfield code="4">trl.</subfield>
  </datafield>
  <datafield tag="907" ind1=" " ind2=" ">
    <subfield code="a">.b12375482</subfield>
    <subfield code="b">18-04-13</subfield>
    <subfield code="c">11-05-24</subfield>
  </datafield>
  <datafield tag="907" ind1=" " ind2=" ">
    <subfield code="a">.b12375482</subfield>
    <subfield code="b">15-10-15</subfield>
    <subfield code="c">11-05-24</subfield>
  </datafield>
  <datafield tag="945" ind1=" " ind2=" ">
    <subfield code="f">J</subfield>
    <subfield code="a">297.89:B151nA:c.1</subfield>
    <subfield code="g">1</subfield>
    <subfield code="i">01009864</subfield>
    <subfield code="j">.i12829481</subfield>
    <subfield code="l">u0503</subfield>
  </datafield>
  <datafield tag="998" ind1=" " ind2=" ">
    <subfield code="a">u05</subfield>
    <subfield code="b">97-03-03</subfield>
    <subfield code="c">m</subfield>
    <subfield code="d">a</subfield>
    <subfield code="e">-</subfield>
    <subfield code="f">ara</subfield>
    <subfield code="g">ua </subfield>
    <subfield code="h">0</subfield>
    <subfield code="i">1</subfield>
  </datafield>
</record>
</collection>
